<record xmlns="http://www.loc.gov/MARC21/slim" xmlns:xsi="http://www.w3.org/2001/XMLSchema-instance" xsi:schemaLocation="http://www.loc.gov/MARC21/slim http://www.loc.gov/standards/marcxml/schema/MARC21slim.xsd"><leader>01328nam a2200301   4500</leader><controlfield tag="001">001680333</controlfield><controlfield tag="003">NNU</controlfield><controlfield tag="006">m        d        </controlfield><controlfield tag="007">cr cn |||m|||a</controlfield><controlfield tag="008">150222s1938    le      o     000 0 eng d</controlfield><datafield ind1=" " ind2=" " tag="040"><subfield code="a">NNU</subfield><subfield code="b">eng</subfield><subfield code="c">NNU</subfield></datafield><datafield ind1=" " ind2="4" tag="050"><subfield code="a">PJ7820.A68</subfield><subfield code="b">K5</subfield></datafield><datafield ind1="1" ind2=" " tag="100"><subfield code="6">880-01</subfield><subfield code="a">D&#257;rghawth, Rash&#257;d al-Maghrib&#299;</subfield></datafield><datafield ind1="1" ind2="0" tag="245"><subfield code="6">880-02</subfield><subfield code="a">Khat&#803;i&#772;&#700;at al-shaykh</subfield><subfield code="h">[electronic resource] :</subfield><subfield code="b">riwa&#772;yah /</subfield><subfield code="c">Rasha&#772;d al-Da&#772;rghawth.</subfield></datafield><datafield ind1=" " ind2=" " tag="260"><subfield code="6">880-03</subfield><subfield code="a">Bayru&#772;t :</subfield><subfield code="b">Da&#772;r al-Makshu&#772;f,</subfield><subfield code="c">1938.</subfield></datafield><datafield ind1=" " ind2=" " tag="300"><subfield code="a">online resource (219 p.)</subfield></datafield><datafield ind1=" " ind2=" " tag="500"><subfield code="a">Novel.</subfield></datafield><datafield ind1=" " ind2=" " tag="500"><subfield code="a">Part of the Arabic Collections Online (ACO) project, contributed by New York Univeristy Libraries.</subfield></datafield><datafield ind1=" " ind2=" " tag="533"><subfield code="a">Electronic reproduction.</subfield><subfield code="b">New York, N.Y. :</subfield><subfield code="c">New York University,</subfield><subfield code="d">2015.</subfield><subfield code="5">NNU</subfield></datafield><datafield ind1="2" ind2=" " tag="710"><subfield code="a">New York University.</subfield><subfield code="b">Libraries.</subfield></datafield><datafield ind1="0" ind2=" " tag="730"><subfield code="a">Arabic Collections Online.</subfield></datafield><datafield ind1="0" ind2="8" tag="776"><subfield code="i">Print version:</subfield><subfield code="a">D&#257;rghawth, Rash&#257;d al-Maghrib&#299; 880-01</subfield><subfield code="t">Khat&#803;i&#772;&#700;at al-shaykh</subfield><subfield code="w">(NNU)001680333</subfield></datafield><datafield ind1="4" ind2="0" tag="856"><subfield code="u">http://hdl.handle.net/2333.1/95x69r1m</subfield></datafield><datafield ind1="1" ind2=" " tag="880"><subfield code="6">100-01/</subfield><subfield code="a">&#1583;&#1575;&#1585;&#1594;&#1608;&#1579;&#1548; &#1585;&#1588;&#1575;&#1583; &#1575;&#1604;&#1605;&#1594;&#1585;&#1576;&#1610;.</subfield></datafield><datafield ind1="1" ind2="0" tag="880"><subfield code="6">245-02/</subfield><subfield code="a">&#1582;&#1591;&#1610;&#1574;&#1577; &#1575;&#1604;&#1588;&#1610;&#1582; :</subfield><subfield code="b">&#1585;&#1608;&#1575;&#1610;&#1577; /</subfield><subfield code="c">&#1585;&#1588;&#1575;&#1583; &#1575;&#1604;&#1583;&#1575;&#1585;&#1594;&#1608;&#1579;.</subfield></datafield><datafield ind1=" " ind2=" " tag="880"><subfield code="6">260-03/</subfield><subfield code="a">&#1576;&#1610;&#1585;&#1608;&#1578; :</subfield><subfield code="b">&#1583;&#1575;&#1585; &#1575;&#1604;&#1605;&#1603;&#1588;&#1608;&#1601;&#1548;</subfield><subfield code="c">1938.</subfield></datafield><datafield ind1=" " ind2=" " tag="959"><subfield code="a">NNU</subfield><subfield code="b">WEB</subfield><subfield code="c">GENI</subfield><subfield code="t">0</subfield><subfield code="m">Electronic access</subfield><subfield code="s">01</subfield></datafield><datafield ind1=" " ind2=" " tag="999"><subfield code="i">NNU_001680333</subfield><subfield code="s">nyu_aco000397</subfield></datafield></record>